@preamble{"\newcommand{\SortNoop}[1]{}"}
@inproceedings{Abels2003,
	title        = {Who Gives a Damn about Minimizers in Questions},
	author       = {Abels, Klaus},
	year         = 2003,
	booktitle    = {Proceedings of {SALT} {XIII}},
	editor       = {Young, Robert B. and Zhou, Yuping},
	publisher    = {Cornell University},
	address      = {Ithaca, NY},
	pages        = {1--18},
	doi          = {10.3765/salt.v13i0.2895},
	owner        = {David Krassnig}
}
@article{Adams1965,
	title        = {The Logic of Conditionals},
	author       = {Adams, Ernest W.},
	year         = 1965,
	journal      = {Inquiry},
	volume       = 8,
	number       = 1,
	pages        = {166--197},
	doi          = {10.1080/00201746508601430},
	owner        = {David Krassnig}
}
@article{Adams1970,
	title        = {Subjunctive and Indicative Conditionals},
	author       = {Adams, Ernest W.},
	year         = 1970,
	journal      = {Foundations of Language},
	volume       = 6,
	number       = 1,
	pages        = {89--94},
	owner        = {David Krassnig},
	%url         = {https://www.jstor.org/stable/25000429},
	eprinttype   = {jstor},
	eprint       = 25000429
}
@article{Akmajian1979,
	title        = {The Category {AUX} in Universal Grammar},
	author       = {Akmajian, Adrian and Steele, Susan M. and Wascow, Thomas},
	year         = 1979,
	journal      = {Linguistic Inquiry},
	volume       = 10,
	number       = 1,
	pages        = {1--64},
	owner        = {David Krassnig},
	%url         = {https://www.jstor.org/stable/4178094},
	eprinttype   = {jstor},
	eprint       = 4178094
}
@inproceedings{Anand2010,
	title        = {The Role of the Imperfect in Romance Counterfactuals},
	author       = {Anand, Pranav and Hacquard, Valentine},
	year         = 2010,
	booktitle    = {Proceedings of Sinn und Bedeutung 14},
	pages        = {37--50},
	url          = {https://ojs.ub.uni-konstanz.de/sub/index.php/sub/article/view/458},
	owner        = {David Krassnig}
}
@article{Anderson1951,
	title        = {A Note on Subjunctive and Counterfactual Conditionals},
	author       = {Anderson, Alan Ross},
	year         = 1951,
	journal      = {Analysis},
	volume       = 11,
	pages        = {35--38},
	doi          = {10.1093/analys/12.2.35},
	owner        = {David Krassnig}
}
@article{Arregui2007,
	title        = {When Aspect Matters: The Case of Would-Conditionals},
	author       = {Arregui, Ana},
	year         = 2007,
	journal      = {Natural Language Semantics},
	publisher    = {Springer},
	volume       = 15,
	number       = 3,
	pages        = {221--264},
	doi          = {10.1007/s11050-007-9019-6},
	owner        = {David Krassnig}
}
@article{Arregui2009,
	title        = {On Similarity in Counterfactuals},
	author       = {Arregui, Ana},
	year         = 2009,
	journal      = {Linguistics and Philosophy},
	volume       = 32,
	number       = 3,
	pages        = {245--278},
	doi          = {10.1007/s10988-009-9060-7},
	owner        = {David Krassnig}
}
@article{Asher2005,
	title        = {Subordinating and Coordinating Discourse Relations},
	author       = {Asher, Nicholas and Vieau, Laure},
	year         = 2005,
	journal      = {Lingua},
	volume       = 115,
	pages        = {591--610},
	doi          = {10.1016/j.lingua.2003.09.017},
	owner        = {David Krassnig}
}
@book{Austin1976,
	title        = {How to Do Things with Words},
	author       = {Austin, John Langshaw},
	year         = 1976,
	publisher    = {Oxford University Press},
	url          = {https://pure.mpg.de/rest/items/item_2271128_6/component/file_2271430/content},
	owner        = {David Krassnig}
}
@article{Baker1969,
	title        = {Double Negatives},
	author       = {Baker, Carl Lee},
	year         = 1969,
	journal      = {Papers in Linguistics},
	volume       = 1,
	number       = 1,
	pages        = {16--40},
	doi          = {10.1080/08351816909389104},
	owner        = {David Krassnig}
}
@article{Baker1970,
	title        = {Double Negatives},
	author       = {Baker, Carl Lee},
	year         = 1970,
	journal      = {Linguistic Inquiry},
	volume       = 1,
	number       = 2,
	pages        = {169--186},
	owner        = {David Krassnig},
	eprinttype   = {jstor},
	eprint       = 4177551
}
@book{Bennett2003,
	title        = {A Philosophical Guide to Conditionals},
	author       = {Bennett, Jonathan},
	year         = 2003,
	publisher    = {Oxford University Press},
	address      = {Oxford},
	doi          = {10.1093/0199258872.001.0001},
	owner        = {David Krassnig}
}
@article{Borkin1971,
	title        = {Polarity Items in Questions},
	author       = {Borkin, Ann},
	year         = 1971,
	journal      = {Chicago Linguistic Society},
	volume       = 7,
	pages        = {53--62},
	owner        = {David Krassnig}
}
@book{Buring1997,
	title        = {The Meaning of Topic and Focus: The 59\textsuperscript{th} Street Bridge Accent},
	author       = {B\"{u}ring, Daniel},
	year         = 1997,
	publisher    = {Routledge},
	address      = {London},
	doi          = {10.4324/9780203448014},
	isbn         = {978-1-138-98065-5},
	owner        = {David Krassnig}
}
@article{Buring2003,
	title        = {On {D}-trees, Beans, and {B}-Accents},
	author       = {B\"{u}ring, Daniel},
	year         = 2003,
	journal      = {Linguistics and Philosophy},
	volume       = 26,
	pages        = {511--545},
	doi          = {10.1023/a:1025887707652},
	owner        = {David Krassnig},
	eprinttype   = {jstor},
	eprint       = 25001898
}
@unpublished{Buring2011,
	title        = {Conditional Exhaustivity Presuppositions in Clefts (and Definites)},
	author       = {B\"{u}ring, Daniel},
	year         = 2011,
	url          = {https://semanticsarchive.net/Archive/DQxOTVjY/Buring.clefts.2011.pdf},
	note         = {Manuscript},
	owner        = {David Krassnig},
	organization = {ZAS/Vienna}
}
@incollection{Buring2016,
	title        = {({C}ontrastive) Topic},
	author       = {B\"{u}ring, Daniel},
	year         = 2016,
	booktitle    = {The Oxford Handbook of Information Structure},
	editor       = {F\'{e}ry, Caroline and Ishihara, Shin},
	publisher    = {Oxford University Press},
	pages        = {64--85},
	doi          = {10.1093/oxfordhb/9780199642670.013.002},
	owner        = {David Krassnig}
}
@article{Chierchia2006,
	title        = {Broaden Your Views: Implicatures of Domain Widening and the `Logicality' of Language},
	author       = {Chierchia, Gennaro},
	year         = 2006,
	journal      = {Linguistic Inquiry},
	volume       = 37,
	number       = 4,
	pages        = {535--590},
	doi          = {10.1162/ling.2006.37.4.535},
	owner        = {David Krassnig},
	eprinttype   = {jstor},
	eprint       = 4179384
}
@incollection{Chierchia2012,
	title        = {Scalar Implicature as a Grammatical Phenomenon},
	author       = {Chierchia, Gennaro and Fox, Danny and Spector, Benjamin},
	year         = 2012,
	booktitle    = {Semantics: {A}n International Handbook of Natural Language Meaning},
	editor       = {Maienborn, Claudia and von Heusinger, Klaus and Portner, Paul},
	publisher    = {de Gruyter Mouton},
	volume       = 3,
	pages        = {2297--2332},
	doi          = {10.1515/9783110253382.2297},
	owner        = {David Krassnig},
	place        = {Berlin}
}
@book{Chierchia2013,
	title        = {Logic in Grammar: Polarity, Free Choice, and Intervention},
	author       = {Chierchia, Gennaro},
	year         = 2013,
	publisher    = {Oxford University Press},
	address      = {Oxford},
	doi          = {10.1093/acprof:oso/9780199697977.001.0001},
	isbn         = {978-0-19-176597-1},
	owner        = {David Krassnig}
}
@book{Chomsky1957,
	title        = {Syntactic Structures},
	author       = {Chomsky, Noam},
	year         = 1957,
	publisher    = {Mouton~\&~Co.},
	address      = {The Hague},
	series       = {Janua Linguarum: Series Minor},
	volume       = 4,
	doi          = {10.1515/9783112316009},
	isbn         = {978-902793385-0},
	owner        = {David Krassnig}
}
@mastersthesis{Ciardelli2009,
	title        = {Inquisitive Semantics and Intermediate Logics},
	author       = {Ciardelli, Ivano},
	year         = 2009,
	url          = {https://eprints.illc.uva.nl/id/eprint/818/},
	owner        = {David Krassnig},
	school       = {ILLC University of Amsterdam}
}
@book{Ciardelli2019,
	title        = {Inquisitive Semantics},
	author       = {Ciardelli, Ivano and Groenendijk, Jeroen and Roelofsen, Floris},
	year         = 2019,
	publisher    = {Oxford University Press},
	address      = {Oxford},
	doi          = {10.1093/oso/9780198814788.001.0001},
	isbn         = {978-0-19-185247-3},
	owner        = {David Krassnig}
}
@inproceedings{CiardelliRoelofsen2009,
	title        = {Generalized Inquisitive Logic: Completeness via Intuitionistic Kripke Models},
	author       = {Ciardelli, Ivano and Roelofsen, Floris},
	year         = 2009,
	booktitle    = {Proceedings of the 12\textsuperscript{th} Conference on Theoretical Aspects of Rationality and Knowledge},
	publisher    = {Acm},
	address      = {California},
	pages        = {71--80},
	doi          = {10.1145/1562814.1562827},
	owner        = {David Krassnig}
}
@incollection{Condoravdi2002,
	title        = {Temporal Interpretation of Modals: Modals for the Present and for the Past},
	author       = {Condoravdi, Cleo},
	year         = 2002,
	booktitle    = {The Construction of Meaning},
	editor       = {Beaver, David and Cassillas, Luis D. and Clark, Brandy Z. and Kaufmann, Stephan},
	publisher    = {Csli},
	address      = {Stanford},
	pages        = {59--88},
	url          = {https://web.stanford.edu/~cleoc/temp-mod.pdf},
	owner        = {David Krassnig}
}
@article{Constant2012,
	title        = {{E}nglish Rise-Fall-Rise: A Study in the Semantics and Pragmatics of Intonation},
	author       = {Constant, Noah},
	year         = 2012,
	journal      = {Linguistics and Philosophy},
	volume       = 35,
	number       = 5,
	pages        = {407--442},
	doi          = {10.1007/s10988-012-9121-1},
	owner        = {David Krassnig}
}
@phdthesis{Crnic2011,
	title        = {Getting \textit{Even}},
	author       = {Crni\v{c}, Luka},
	year         = 2011,
	address      = {Cambridge, MA},
	url          = {http://lukacrnic.com/pdfs/crnic-diss-11.pdf},
	owner        = {David Krassnig},
	school       = {Massachusetts Institute of Technology}
}
@inproceedings{Crnic2011-meaning,
	title        = {On the Meaning and Distribution of Concessive Scalar Particles},
	author       = {Crni\v{c}, Luka},
	year         = 2011,
	booktitle    = {Proceedings of {NELS} 41},
	editor       = {LaCara, Nick and Fainleib, Lena and Park, Yangsook},
	pages        = {1--14},
	url          = {https://lukacrnic.com/pdfs/nels41.pdf},
	owner        = {David Krassnig}
}
@incollection{Crnic2014-dogma,
	title        = {Against a Dogma on {NPI} Licensing},
	author       = {Crni\v{c}, Luka},
	year         = 2014,
	booktitle    = {The Art and Craft of Semantics: A {F}estschrift for {I}rene {H}eim},
	editor       = {Crni\v{c}, Luka and Sauerland, Uli},
	publisher    = {Mitwpl 70},
	address      = {Cambridge, MA},
	volume       = 1,
	pages        = {117--145},
	url          = {https://semanticsarchive.net/Archive/jZiNmM4N/},
	owner        = {David Krassnig}
}
@article{Crnic2014-nm,
	title        = {Non-Monotonicity in {NPI} Licensing},
	author       = {Crni\v{c}, Luka},
	year         = 2014,
	journal      = {Natural Language Semantics},
	volume       = 22,
	pages        = {169--217},
	doi          = {10.1007/s11050-014-9104-6},
	owner        = {David Krassnig}
}
@article{Crnic2019,
	title        = {Any: Logic, Likelihood, and Context (Pt. 2)},
	author       = {Crni\v{c}, Luka},
	year         = 2019,
	journal      = {Language and Linguistics Compass},
	volume       = 13,
	number       = 11,
	pages        = {e12353},
	doi          = {10.1111/lnc3.12353},
	owner        = {David Krassnig}
}
@article{Davis1979,
	title        = {Indicative and Subjunctive Conditionals},
	author       = {Davis, Wayne A.},
	year         = 1979,
	journal      = {The Philosophical Review},
	publisher    = {Duke University Press},
	volume       = 88,
	number       = 4,
	pages        = {544--564},
	%issn         = {00318108, 15581470},
	owner        = {David Krassnig},
	%url         = {http://www.jstor.org/stable/2184844},
	eprinttype   = {jstor},
	eprint       = 2184844
}
@article{Dayal2002,
	title        = {Single-Pair versus Multiple-Pair Answers: Wh-In-Situ and Scope},
	author       = {Dayal, Veneeta},
	year         = 2002,
	journal      = {Linguistic Inquiry},
	publisher    = {MIT Press},
	volume       = 33,
	number       = 3,
	pages        = {512--520}
}
@article{Douven2008,
	title        = {The Evidential Support Theory of Conditionals},
	author       = {Douven, Igor},
	year         = 2008,
	journal      = {Synthese},
	volume       = 164,
	pages        = {19--44},
	doi          = {10.1007/s11229-007-9214-5},
	owner        = {David Krassnig},
	eprinttype   = {jstor},
	eprint       = 40271066
}
@article{Dudman1983,
	title        = {Tense and Time in {E}nglish Verb Clusters of the Primary Pattern},
	author       = {Dudman, Victor H},
	year         = 1983,
	journal      = {Australian Journal of Linguistics},
	publisher    = {Taylor~\&~Francis},
	volume       = 3,
	number       = 1,
	pages        = {25--44},
	doi          = {10.1080/07268608308599298},
	owner        = {David Krassnig}
}
@article{Dudman1984,
	title        = {Conditional Interpretations of If-Sentences},
	author       = {Dudman, Victor H.},
	year         = 1984,
	journal      = {Australian Journal of Linguistics},
	publisher    = {Taylor~\&~Francis},
	volume       = 4,
	number       = 2,
	pages        = {143--204},
	doi          = {10.1080/07268608408599325},
	owner        = {David Krassnig}
}
@inproceedings{Ebert2008,
	title        = {Topics as Speech Acts: An Analysis of Conditionals},
	author       = {Ebert, Christian and Endriss, Cornelia and Hinterwimmer, Stefan},
	year         = 2008,
	booktitle    = {Proceedings of the 27\textsuperscript{th} West Coast Conference on Formal Linguistics},
	editor       = {Abner, Natasha and Bishop, Jason},
	publisher    = {Cascadilla Proceedings Project},
	address      = {Somerville, MA},
	pages        = {132--140},
	url          = {https://www.lingref.com/cpp/wccfl/27/paper1825.pdf},
	owner        = {David Krassnig}
}
@article{Ebert2014,
	title        = {A Unified Analysis of Conditionals as Topics},
	author       = {Ebert, Christian and Ebert, Cornelia and Hinterwimmer, Stefan},
	year         = 2014,
	journal      = {Linguistics and Philosophy},
	volume       = 37,
	pages        = {353--408},
	doi          = {10.1007/s10988-014-9158-4},
	owner        = {David Krassnig}
}
@incollection{Eckardt2021,
	title        = {In Search of the Narrator},
	author       = {Eckardt, Regine},
	year         = 2021,
	booktitle    = {The Language of Fiction},
	publisher    = {Oxford University Press},
	address      = {Oxford},
	pages        = {157--185},
	doi          = {10.1093/oso/9780198846376.003.0007},
	isbn         = {978-0-19-884637-6},
	editor       = {Maier, Emar and Stokke, Andreas},
    owner        = {David Krassnig}
}
@article{Edgington1995,
	title        = {On Conditionals},
	author       = {Edgington, Dorothy},
	year         = 1995,
	journal      = {Mind},
	volume       = 104,
	number       = 414,
	pages        = {235--329},
	doi          = {10.1093/mind/104.414.235},
	owner        = {David Krassnig},
	eprinttype   = {jstor},
	eprint       = 2254793
}
@incollection{Egre2016,
	title        = {Conditionals},
	author       = {Egré, Paul and Cozic, Mikaël},
	year         = 2016,
	booktitle    = {The Cambridge Handbook of Formal Semantics},
	editor       = {Aloni, Maria and Dekker, Paul},
	publisher    = {Cambridge University Press},
	series       = {Cambridge Handbooks in Language and Linguistics},
	pages        = {490--524},
	doi          = {10.1017/cbo9781139236157.018},
	owner        = {David Krassnig},
	place        = {Cambridge, MA},
	collection   = {Cambridge Handbooks in Language and Linguistics}
}
@article{Ellis1973,
	title        = {The Logic of Subjective Probability},
	author       = {Ellis, Brian},
	year         = 1973,
	journal      = {British Journal for the Philosophy of Science},
	volume       = 24,
	pages        = {125--152},
	doi          = {10.1093/bjps/24.2.125},
	owner        = {David Krassnig},
	eprinttype   = {jstor},
	eprint       = 686605
}
@article{Fauconnier1975a,
	title        = {Polarity and the Scale Principle},
	author       = {Fauconnier, Giles},
	year         = 1975,
	journal      = {CLS},
	volume       = 11,
	pages        = {188--199},
	owner        = {David Krassnig}
}
@article{Fauconnier1975b,
	title        = {Pragmatic Scales and Logical Structure},
	author       = {Fauconnier, Giles},
	year         = 1975,
	journal      = {Linguistic Inquiry},
	volume       = 6,
	pages        = {353--375},
	owner        = {David Krassnig},
	eprinttype   = {jstor},
	eprint       = 4177882
}
@phdthesis{Fintel1994,
	title        = {Restrictions on Quantiﬁer Domains},
	author       = {{\SortNoop{Fintel}}von Fintel, Kai},
	year         = 1994,
	address      = {Amherst, Massachusetts},
	url          = {https://semanticsarchive.net/Archive/jA3N2IwN/fintel-1994-thesis.pdf},
	owner        = {David Krassnig},
	school       = {University of Massachusetts}
}
@incollection{Fintel1997,
	title        = {The Presupposition of Subjunctive Conditionals},
	author       = {{\SortNoop{Fintel}}von Fintel, Kai},
	year         = 1997,
	booktitle    = {MIT Working Papers in Linguistics Massachusetts},
	editor       = {Percus, Orin and Sauerland, Uli},
	publisher    = {Mitwpl},
	address      = {Cambridge, MA},
	volume       = 25,
	pages        = {29--44},
	url          = {https://mit.edu/fintel/fintel-1998-subjunctive.pdf},
	owner        = {David Krassnig}
}
@article{Fintel1999,
	title        = {{NPI} Licensing, {S}trawson Entailment, and Context Dependency},
	author       = {{\SortNoop{Fintel}}von Fintel, Kai},
	year         = 1999,
	journal      = {Journal of Semantics},
	volume       = 16,
	pages        = {97--148},
	doi          = {10.1093/jos/16.2.97},
	owner        = {David Krassnig}
}
@incollection{Fintel2001,
	title        = {Counterfactuals in a Dynamic Context},
	author       = {{\SortNoop{Fintel}}von Fintel, Kai},
	year         = 2001,
	booktitle    = {Ken {H}ale: {A} Life in Language},
	editor       = {Kenstowicz, Michael},
	publisher    = {MIT Press},
	address      = {Cambridge, MA},
	pages        = {123--152},
	doi          = {10.7551/mitpress/4056.003.0006},
	url          = {https://web.mit.edu/fintel/fintel-2001-counterfactuals.pdf},
	owner        = {David Krassnig}
}
@article{Fintel2010,
	title        = {Must... Stay... Strong!},
	author       = {{\SortNoop{Fintel}}von Fintel, Kai and Gillies, Anthony S.},
	year         = 2010,
	journal      = {Natural Language Semantics},
	publisher    = {Springer},
	volume       = 18,
	number       = 4,
	pages        = {351--383},
	doi          = {10.1007/s11050-010-9058-2},
	owner        = {David Krassnig}
}
@article{Fox2011,
	title        = {On the Characterization of Alternatives},
	author       = {Fox, Danny and Katzir, Roni},
	year         = 2011,
	journal      = {Natural Language Semantics},
	volume       = 19,
	pages        = {87--107},
	doi          = {10.1007/s11050-010-9065-3},
	owner        = {David Krassnig}
}
@book{Frege1879,
	title        = {Begriffsschrift, eine der arithmetischen nachgebildete Formelsprache des reinen Denkens},
	author       = {Frege, Gottlob},
	year         = 1879,
	publisher    = {Verlag von Louis Nebert},
	address      = {Halle},
	url          = {http://resolver.sub.uni-goettingen.de/purl?PPN538957069}
}
@article{Gajewski2011,
	title        = {Licensing Strong {NPI}s},
	author       = {Gajewski, Jon R.},
	year         = 2011,
	journal      = {Natural Language Semantics},
	volume       = 19,
	number       = 2,
	pages        = {109--148},
	doi          = {10.1007/s11050-010-9067-1},
	owner        = {David Krassnig}
}
@book{Gazdar1979,
	title        = {Pragmatics: Implicatures, Presuppositions and Logical Form},
	author       = {Gazdar, Gerald},
	year         = 1979,
	publisher    = {Academic Press},
	address      = {Cambridge, MA},
	isbn         = {978-0-12-278450-7},
	owner        = {David Krassnig}
}
@book{Giannakidou1998,
	title        = {Polarity Sensitivity as (Non-)Veridical Dependency},
	author       = {Giannakidou, Anastasia},
	year         = 1998,
	publisher    = {John Benjamins Publishing Compans},
	address      = {Amsterdam},
	doi          = {10.1075/la.23},
	isbn         = {978-902728228-6},
	owner        = {David Krassnig}
}
@article{Gillies2007,
	title        = {Counterfactual Scorekeeping},
	author       = {Gillies, Anthony S.},
	year         = 2007,
	journal      = {Linguistics and Philosophy},
	volume       = 30,
	number       = 3,
	pages        = {329--360},
	doi          = {10.1007/s10988-007-9018-6},
	owner        = {David Krassnig}
}
@incollection{Givon1983,
	title        = {Topic Continuity in Discourse: An Introduction},
	author       = {Givon, Talmy},
	year         = 1983,
	booktitle    = {Topic Continuity in Discourse: A Quantitative Cross-Language Study},
	editor       = {Givon, Talmy},
	publisher    = {John Benjamins Publishing Company},
	address      = {Amsterdam},
	pages        = {1--41},
	owner        = {David Krassnig}
}
@phdthesis{Goodhue2018,
	title        = {On Asking and Answering Biased Polar Questions},
	author       = {Goodhue, Daniel},
	year         = 2018,
	url          = {https://escholarship.mcgill.ca/concern/theses/41687k57s},
	owner        = {David Krassnig},
	school       = {McGill University Libraries}
}
@incollection{Grimshaw2013,
	title        = {Last Resorts: A Typology of Do-Support},
	author       = {Grimshaw, Jane},
	year         = 2013,
	booktitle    = {Linguistic Derivations and Filtering: Minimalism and Optimality Theory},
	editor       = {Broekhuis, Hans and Vogel, Ralf},
	publisher    = {Equinox eBooks Publishing},
	address      = {United Kingdom},
	pages        = {267--295},
	isbn         = {978-1-78179-326-8},
	url          = {https://www.equinoxpub.com/home/view-chapter/?id=24819},
	owner        = {David Krassnig}
}
@article{Groenendijk1991,
	title        = {Dynamic Predicate Logic},
	author       = {Groenendijk, Jeroen and Stokhof, Martin},
	year         = 1991,
	journal      = {Linguistics and Philosophy},
	publisher    = {Jstor},
	volume       = 14,
	number       = 1,
	pages        = {39--100},
	doi          = {10.1007/bf00628304},
	owner        = {David Krassnig}
}
@inproceedings{Groenendijk1999,
	title        = {The Logic of Interrogation},
	author       = {Groenendijk, Jeroen},
	year         = 1999,
	booktitle    = {Proceedings of {SALT} {IX}},
	editor       = {Matthews, Tanya and Strolovitch, Devon L.},
	publisher    = {CLC Publications},
	address      = {Ithaca, New York},
	pages        = {109--126},
	owner        = {David Krassnig}
}
@inproceedings{Groenendijk2009,
	title        = {Inquisitive Semantics: Two Possibilities for Disjunction},
	author       = {Groenendijk, Jeroen},
	year         = 2009,
	booktitle    = {Proceedings of the 7\textsuperscript{th} International Tbilisi Symposium on Language, Logic, and Computation},
	editor       = {Bosch, Peter and Gabelaia, David and Lang, Jérôme},
	publisher    = {Springer},
	address      = {Berlin},
	pages        = {80--94},
	owner        = {David Krassnig}
}
@inproceedings{GroenendijkRoelofsen2009,
	title        = {Inquisitive Semantics and Pragmatics},
	author       = {Groenendijk, Jeroen and Roelofsen, Floris},
	year         = 2009,
	booktitle    = {Proceedings of the {ILCLI} International Workshop on Semantics, Pragmatics and Rhetoric},
	editor       = {Larrazabal, Jesus Mari and Zubeldia, Larraitz},
	publisher    = {Universidad del País Vasco, Servicio Editorial},
	address      = {San Sebasti\'{a}n},
	pages        = {41--72},
	owner        = {David Krassnig}
}
@unpublished{Gronn2009,
	title        = {Temporal Interpretation and Organization of Subjunctive Conditionals},
	author       = {Gr{\o}nn, Atle and Von Stechow, Arnim},
	year         = 2009,
	note         = {Manuscript},
	owner        = {David Krassnig},
	organization = {University of Oslo}
}
@phdthesis{Guerzoni2003,
	title        = {Why Even Ask? {O}n the Pragmatics of Questions and the Semantics of Answers},
	author       = {Guerzoni, Elena},
	year         = 2003,
	address      = {Cambridge, MA},
	owner        = {David Krassnig},
	school       = {Massachusetts Institute of Technology}
}
@article{Guerzoni2004,
	title        = {Even-{NPI}s in Yes/No Questions},
	author       = {Guerzoni, Elena},
	year         = 2004,
	journal      = {Natural Language Semantics},
	volume       = 12,
	number       = 4,
	pages        = {319--343},
	owner        = {David Krassnig}
}
@article{Guerzoni2007,
	title        = {A Question of Strength: {O}n {NPI}s in Interrogative Clauses},
	author       = {Guerzoni, Elena and Sharvit, Yael},
	year         = 2007,
	journal      = {Linguistics and Philosophy},
	volume       = 30,
	pages        = {361--391},
	owner        = {David Krassnig}
}
@misc{Guerzoni2014,
	title        = {{NPI}s in Questions, Disjunction and Ellipsis},
	author       = {Guerzoni, Elena and Sharvit, Yael},
	year         = 2014,
	note         = {Talk presented at {GLOW} 37 on April 2-4, 2014},
	owner        = {David Krassnig}
}
@incollection{Guerzoni2014-enviro,
	title        = {Whether or Not Anything but Not Whether Anything or Not},
	author       = {Guerzoni, Elena and Sharvit, Yael},
	year         = 2014,
	booktitle    = {The Art and Craft of Semantics: A Festschrift for {I}rene {H}eim},
	editor       = {Crni\v{c}, Luka and Sauerland, Uli},
	publisher    = {Mitwpl 70},
	volume       = 1,
	pages        = {199--224},
	owner        = {David Krassnig}
}
@inproceedings{Gutzmann2011,
	title        = {The Dimensions of Verum},
	author       = {Gutzmann, Daniel and Mir\'{o}, Elena Castroviejo},
	year         = 2011,
	booktitle    = {Empirical Issues in Syntax and Semantics 8},
	editor       = {Bonami, Oliver and Cabredo-Hofherr, Patricia},
	pages        = {143--165},
	url          = {http://www.cssp.cnrs.fr/eiss8/gutzmann-castroviejo-miro-eiss8.pdf}
}
@article{Gutzmann2020,
	title        = {Verum Focus is Verum Not Focus: Cross-Linguistic Evidence},
	author       = {Gutzmann, Daniel and Hartmann, Katharina and Matthewson, Lisa},
	year         = 2020,
	journal      = {Glossa: A Journal of General Linguistics},
	volume       = 5,
	number       = 1,
	pages        = {1--48},
	doi          = {10.5334/gjgl.347},
	owner        = {David Krassnig}
}
@incollection{Gyuris2017,
	title        = {The Interpretation of a `Contrast-Marking' Particle},
	author       = {Gyuris, Beáta},
	year         = 2017,
	booktitle    = {Contrastiveness in Information Structure, Alternatives and Scalar Implicatures},
	editor       = {Lee, Chungmin and Kiefer, Ferenc and Krifka, Manfred},
	publisher    = {Springer International Publishing AG},
	address      = {Cham, Swizerland},
	pages        = {83--100},
	owner        = {David Krassnig}
}
@phdthesis{Hacquard2006,
	title        = {Aspects of Modality},
	author       = {Hacquard, Valentine},
	year         = 2006,
	address      = {Cambridge, MA},
	owner        = {David Krassnig},
	school       = {Massachusetts Institute of Technology}
}
@article{Hamblin1973,
	title        = {Questions in {M}ontague {E}nglish},
	author       = {Hamblin, Charles Leonard},
	year         = 1973,
	journal      = {Foundations of Language},
	volume       = 10,
	number       = 1,
	pages        = {41--53},
	doi          = {10.1016/b978-0-12-545850-4.50014-5},
	owner        = {David Krassnig}
}
@book{Harvey2012,
	title        = {Explaining the Iraq War: {C}ounterfactual Theory, Logic, and Evidence},
	author       = {Harvey, Frank P.},
	year         = 2012,
	publisher    = {Cambridge University Press},
	address      = {Cambridge, MA},
	owner        = {David Krassnig}
}
@phdthesis{Heim1982,
	title        = {The Semantics of Definite and Indefinite Noun Phrases},
	author       = {Heim, Irene},
	year         = 1982,
	address      = {Amherst},
	owner        = {David Krassnig},
	school       = {University of Massachusetts}
}
@inproceedings{Heim1984,
	title        = {A Note on Negative Polarity and Downward Entailingness},
	author       = {Heim, Irene},
	year         = 1984,
	booktitle    = {Proceedings of {NELS} 14},
	editor       = {Jones, Charles and Sells, Peter},
	publisher    = {Glsa},
	address      = {Amherst, Massachusetts},
	pages        = {98--107},
	owner        = {David Krassnig}
}
@incollection{Heim1991,
	title        = {Artikel und Definitheit},
	author       = {Heim, Irene},
	year         = 1991,
	booktitle    = {Semantics: An International Handbook of Contemporary Research},
	editor       = {Von Stechow, Armin},
	publisher    = {de Gruyter},
	address      = {Berlin},
	pages        = {487--535},
	owner        = {David Krassnig}
}
@misc{Heim1994,
	title        = {Unpublished {MIT} Seminar on Conditionals},
	author       = {Heim, Irene},
	year         = 1994
}
@inproceedings{Heim1994-questions,
	title        = {Interrogative Semantics and {K}arttunen's Semantics for \textit{Know}},
	author       = {Heim, Irene},
	year         = 1994,
	booktitle    = {The Proceedings of the 9\textsuperscript{th} Annual Conference of the {B}en {G}urion {U}niversity of the {N}egev and Workshop on Discourse},
	editor       = {Buchalla, Rhonna and Mittwoch, Anita},
	publisher    = {Hebrew University of Jerusalem},
	address      = {Jerusalem},
	volume       = 1,
	pages        = {128--144},
	owner        = {David Krassnig}
}
@article{Hoeksema1983,
	title        = {Negative Polarity and the Comparative},
	author       = {Hoeksema, Jack},
	year         = 1983,
	journal      = {Natural Language \& Linguistic Theory},
	volume       = 1,
	pages        = {403--434},
	owner        = {David Krassnig}
}
@incollection{Hohle1992,
	title        = {Über Verum-Fokus im Deutschen [About Verum-Focus in German]},
	author       = {Höhle, Tilman N.},
	year         = 1992,
	booktitle    = {Informationsstruktur und Grammatik [Information Structure and Grammar]},
	editor       = {Jacobs, Joachim},
	publisher    = {VS Verlag für Sozialwissenschaften},
	address      = {Wiesbaden},
	pages        = {112--141},
	owner        = {David Krassnig}
}
@book{Huddleston2002,
	title        = {The Cambridge Grammar of {E}nglish},
	author       = {Huddleston, Rodney and Pullum, Geoffrey K. and others},
	year         = 2002,
	publisher    = {Cambridge University Press},
	address      = {Cambridge, MA},
	owner        = {David Krassnig}
}
@article{Hurford1974,
	title        = {Exclusive or Inclusive Disjunction},
	author       = {Hurford, James Raymond},
	year         = 1974,
	journal      = {Foundations of Language},
	volume       = 11,
	pages        = {409--411},
	owner        = {David Krassnig}
}
@article{Iatridou2000,
	title        = {The Grammatical Ingredients of Counterfactuality},
	author       = {Iatridou, Sabine},
	year         = 2000,
	journal      = {Linguistic Inquiry},
	volume       = 31,
	number       = 2,
	pages        = {231--270},
	owner        = {David Krassnig}
}
@article{Ippolito2003,
	title        = {Presuppositions and Implicatures in Counterfactuals},
	author       = {Ippolito, Michela},
	year         = 2003,
	journal      = {Natural Language Semantics},
	publisher    = {Springer},
	volume       = 11,
	number       = 2,
	pages        = {145--186},
	owner        = {David Krassnig}
}
@article{Ippolito2020,
	title        = {Varieties of Sobel Sequences},
	author       = {Ippolito, Michela},
	year         = 2020,
	journal      = {Linguistics and Philosophy},
	volume       = 43,
	pages        = {633--671},
	owner        = {David Krassnig}
}
@inproceedings{Jacobson2000,
	title        = {Paychecks, Stress, and Variable-Free Semantics},
	author       = {Jacobson, Pauline},
	year         = 2000,
	booktitle    = {Proceedings of {SALT} {X}},
	editor       = {Brendan, Jackson and Matthews, Tanya},
	publisher    = {Cornell University},
	address      = {Ithaca, New York},
	pages        = {65--82},
	owner        = {David Krassnig}
}
@inproceedings{Jacobson2004,
	title        = {Kennedy's Puzzle: What {I}'m Named or Who {I} Am},
	author       = {Jacobson, Pauline},
	year         = 2004,
	booktitle    = {Proceedings of {SALT} {XIV}},
	editor       = {Young, Robert B.},
	pages        = {145--162},
	owner        = {David Krassnig}
}
@article{Jeffrey1964,
	title        = {If},
	author       = {Jeffrey, Richard C.},
	year         = 1964,
	journal      = {Journal of Philosophy},
	volume       = 61,
	pages        = {702--703},
	owner        = {David Krassnig}
}
@article{Jeong2020,
	title        = {Deriving Dual Dimensions of Bias: {P}reposed Negation Questions with Even},
	author       = {Jeong, Sunwoo},
	year         = 2021,
	journal      = {Journal of Semantics},
	volume       = 38,
	number       = 1,
	pages        = {49--94},
	owner        = {David Krassnig}
}
@unpublished{Jeong2021,
	title        = {Focused {NPI}s and Bias in Questions},
	author       = {Jeong, Sunwoo and Roelofsen, Floris},
	year         = 2021,
	url          = {https://osf.io/7gfe9/},
	note         = {\textit{Biased Questions: Experimental Results \& Theoretical Modelling}. Workshop held at Leibniz-Zentrum Allgemeine Sprachwissenschaft (ZAS). February 4--5, 2021},
	owner        = {David Krassnig}
}
@article{Jeong2022,
	title        = {Focused {NPI}s in Statements and Questions},
	author       = {Jeong, Sunwoo and Roelofsen, Floris},
	year         = 2023,
	journal      = {Journal of Semantics},
	volume       = 40,
	number       = 1,
	pages        = {1--68},
	doi          = {10.1093/jos/ffac014},
	owner        = {David Krassnig}
}
@book{Jespersen1917,
	title        = {Negation in {E}nglish and Other Languages},
	author       = {Jespersen, Otto},
	year         = 1917,
	publisher    = {A. F. H{\o}st},
	address      = {Copenhagen},
	owner        = {David Krassnig}
}
@article{Kadmon1993,
	title        = {Any},
	author       = {Kadmon, Nirit and Landman, Fred},
	year         = 1993,
	journal      = {Linguistics and philosophy},
	publisher    = {Jstor},
	volume       = 16,
	number       = 4,
	pages        = {353--422}
}
@article{Karttunen1977,
	title        = {Syntax and Semantics of Questions},
	author       = {Karttunen, Laura},
	year         = 1977,
	journal      = {Linguistics and Philosophy},
	volume       = 1,
	number       = 3,
	pages        = {3--44},
	owner        = {David Krassnig}
}
@incollection{Karttunen1979,
	title        = {Conventional Implicature},
	author       = {Karttunen, Laura and Peters, Stanley},
	year         = 1979,
	booktitle    = {Syntax and Semantics},
	editor       = {Oh, Choon-Kyu and Dinneen, David A.},
	publisher    = {Academic Press},
	volume       = 11,
	pages        = {1--56},
	owner        = {David Krassnig}
}
@article{Katzir2007,
	title        = {Structurally-Defined Alternatives},
	author       = {Katzir, Roni},
	year         = 2007,
	journal      = {Linguistics and Philosophy},
	volume       = 30,
	pages        = {669--690},
	doi          = {10.1007/s10988-008-9029-y},
	owner        = {David Krassnig}
}
@inproceedings{Katzir2014,
	title        = {Hurford Disjunctions: Embedded Exhaustification and Structural Economy},
	author       = {Katzir, Roni and Singh, Raj},
	year         = 2014,
	booktitle    = {Proceedings of Sinn und Bedeutung 18},
	editor       = {Etxeberria, Urtzi and F\u{a}l\u{a}u\c{s}, Anamaria and Irurtzun, Aritz and Leferman, Bryan},
	pages        = {201--216},
	url          = {https://ojs.ub.uni-konstanz.de/sub/index.php/sub/article/view/313},
	owner        = {David Krassnig}
}
@article{Kay1990,
	title        = {Even},
	author       = {Kay, Paul},
	year         = 1990,
	journal      = {Linguistics and Philosophy},
	volume       = 13,
	number       = 1,
	pages        = {59--111},
	doi          = {10.1007/bf00630517},
	owner        = {David Krassnig}
}
@inproceedings{Klecha2011,
	title        = {Optional and Obligatory Modal Subordination},
	author       = {Klecha, Peter},
	year         = 2011,
	booktitle    = {Proceedings of Sinn und Bedeutung 15},
	editor       = {Reich, Ingo and Horch, Eva and Pauly, Dennis},
	publisher    = {Saarland University Press},
	address      = {Saarbrücken},
	pages        = {365--379},
	url          = {https://ojs.ub.uni-konstanz.de/sub/index.php/sub/article/view/387},
	owner        = {David Krassnig}
}
@phdthesis{Klecha2014,
	title        = {Bridging the Divide: {S}calarity and Modality},
	author       = {Klecha, Peter},
	year         = 2014,
	url          = {https://lingbuzz.net/lingbuzz/002256/},
	owner        = {David Krassnig},
	school       = {University of Chicago}
}
@inproceedings{Klecha2015,
	title        = {Two Kinds of {S}obel Sequences: {P}recision in Conditionals},
	author       = {Klecha, Peter},
	year         = 2015,
	booktitle    = {Proceedings of the 32\textsuperscript{nd} West Coast Conference on Formal Linguistics},
	editor       = {Steindl, Ulrike and Borer, Thomas and Fang, Huilin and Pardo, Alfredo García and Guekguezian, Peter and Hsu, Brian and O'Hara, Charlie and Ouyyang, Iris Chuoying},
	publisher    = {Cascadilla Proceedings Project},
	address      = {Somerville, MA},
	pages        = {131--140},
	url          = {https://www.lingref.com/cpp/wccfl/32/paper3164.pdf},
	owner        = {David Krassnig}
}
@book{Klein1994,
	title        = {Time in Language},
	author       = {Klein, Wolfgang},
	year         = 1994,
	publisher    = {Routledge},
	address      = {Abingdon, Oxfordshire},
	owner        = {David Krassnig}
}
@incollection{Klima1964,
	title        = {Negation in {E}nglish},
	author       = {Klima, Edward},
	year         = 1964,
	booktitle    = {The Structure of Language},
	editor       = {Fodor, Jerry A. and Katz, Jerrold J.},
	publisher    = {Prentice Hall},
	address      = {Englewood Cliffs},
	pages        = {246--323},
	owner        = {David Krassnig}
}
@book{Kneale1962,
	title        = {The development of logic},
	author       = {Kneale, William Calvert and Kneale, Martha},
	year         = 1962,
	publisher    = {Oxford University Press}
}
@book{Kolmogorov1933,
	title        = {Grundbegriffe der Wahrscheinlichkeitsrechnung: Ergebnisse der Mathematik},
	author       = {Kolmogorov, Andrey},
	year         = 1933,
	publisher    = {Chelsea Publishing Company},
	address      = {New York},
	note         = {Translated as \textit{Foundations of Probability}, translation published 1950},
	owner        = {David Krassnig}
}
@inproceedings{Krassnig2017,
	title        = {Sobel Sequences: Relevancy or Imprecision?},
	author       = {Krassnig, David},
	year         = 2017,
	booktitle    = {Proceedings of the 21\textsuperscript{st} Amsterdam Colloquium},
	editor       = {Cremers, Alexandre and van Gessel, Thom and Roelofsen, Floris},
	pages        = {325--334},
	url          = {https://nbn-resolving.de/urn:nbn:de:bsz:352-2-f0oxml6ujz4d2},
	owner        = {David Krassnig}
}
@inproceedings{Krassnig2018,
	title        = {Simple Even Hypothesis: {NPI}s and Differences in Question Bias},
	author       = {Krassnig, David},
	year         = 2018,
	booktitle    = {Proceedings of Sinn und Bedeutung 21},
	editor       = {Truswell, Robert and Cummins, Chris and Heycock, Caroline and Rabern, Brian and Rohde, Hannah},
	volume       = 2,
	pages        = {695--712},
	owner        = {David Krassnig}
}
@inproceedings{Krassnig2020,
	title        = {Reverse {S}obel Sequences and the Dissimilarity of Antecedent Worlds},
	author       = {Krassnig, David},
	year         = 2020,
	booktitle    = {Proceedings of Sinn und Bedeutung 24},
	editor       = {Franke, Michael and Kompa, Nikola and Liu, Mingya and Müller, Jutta L. and Schwab, Juliane},
	pages        = {447--463},
	doi          = {10.18148/sub/2020.v24i1.877},
	owner        = {David Krassnig}
}
@inproceedings{Krassnig2022,
	title        = {Reverse {S}obel sequences: What Is Being Cancelled Here?},
	author       = {Krassnig, David},
	year         = 2022,
	booktitle    = {Empirical Issues in Syntax and Semantics 14},
	editor       = {B\^{i}lb\^{i}ie, Gabriela and Crysmann, Berthold and Schaden, Gerhard},
	pages        = {135--164},
	url          = {http://www.cssp.cnrs.fr/eiss14/eiss14_krassnig.pdf},
	owner        = {David Krassnig}
}
@inproceedings{Kratzer1986,
	title        = {Conditionals},
	author       = {Kratzer, Angelika},
	year         = 1986,
	booktitle    = {Proceedings of CLS 22},
	publisher    = {Chicago Linguistic Society},
	address      = {Chicago},
	volume       = 2,
	pages        = {1--15}
}
@inproceedings{Kratzer1998,
	title        = {More Structural Analogies Between Pronouns and Tenses},
	author       = {Kratzer, Angelika},
	year         = 1998,
	booktitle    = {Proceedings of {SALT} {VIII}},
	editor       = {Strolovitch, Devon and Lawson, Aaron},
	publisher    = {Cornell University},
	address      = {Ithaca, NY},
	pages        = {92--110},
	owner        = {David Krassnig}
}
@inproceedings{Krifka1994,
	title        = {The Semantics and Pragmatics of Weak and Strong Polarity Items in Assertions},
	author       = {Krifka, Manfred},
	year         = 1994,
	booktitle    = {Proceedings of {SALT} {IV}},
	editor       = {Harvey, Mandy and Santelmann, Lynn},
	publisher    = {Cornell University},
	address      = {Ithaca, New York},
	pages        = {195--219},
	doi          = {10.3765/salt.v0i0.2462}
}
@article{Krifka1995,
	title        = {The Semantics and Pragmatics of Polarity Items},
	author       = {Krifka, Manfred},
	year         = 1995,
	journal      = {Linguistic Analysis},
	volume       = 25,
	pages        = {209--257},
	owner        = {David Krassnig}
}
@incollection{Krifka2007,
	title        = {Basic Notions of Information Structure},
	author       = {Krifka, Manfred},
	year         = 2007,
	booktitle    = {The Notions of Information Structure},
	editor       = {F\'{e}ry, Caroline and Fanselow, Gisbert and Krifka, Manfred},
	publisher    = {ISIS, Working Papers of the SFB 632},
	volume       = 6,
	pages        = {13--55},
	owner        = {David Krassnig}
}
@incollection{Krifka2009,
	title        = {Approximate Interpretation of Number Words: {A} Case for Strategic Communication},
	author       = {Krifka, Manfred},
	year         = 2009,
	booktitle    = {Theory and Evidence in Semantics},
	editor       = {Hinrichs, Erhard and Nerbonne, John},
	publisher    = {CSLI Publications},
	address      = {Stanford},
	pages        = {109--132},
	owner        = {David Krassnig}
}
@article{Kripke1963,
	title        = {Semantical Analysis of Modal Logic {I}: {N}ormal Modal Propositional Calculi},
	author       = {Kripke, Saul A.},
	year         = 1963,
	journal      = {Zeitschrift für mathematische Logik und Grundlagen der Mathematik},
	volume       = 9,
	number       = {5-6},
	pages        = {67--96},
	doi          = {10.1002/malq.19630090502},
	owner        = {David Krassnig}
}
@phdthesis{Kusumoto1999,
	title        = {Tense in Embedded Contexts},
	author       = {Kusumoto, Kiyomi},
	year         = 1999,
	address      = {Amherst, MA},
	owner        = {David Krassnig},
	school       = {University of Massachusetts Amherst}
}
@book{Ladusaw1980,
	title        = {Polarity Sensitivity as Inherent Scope Relations},
	author       = {Ladusaw, William A.},
	year         = 1980,
	publisher    = {Garland},
	address      = {New York},
	owner        = {David Krassnig}
}
@article{Lahiri1998,
	title        = {Focus and Negative Polarity in {H}indi},
	author       = {Lahiri, Utpal},
	year         = 1998,
	journal      = {Natural Language Semantics},
	volume       = 6,
	pages        = {57--123},
	owner        = {David Krassnig}
}
@article{Lasersohn1999,
	title        = {Pragmatic Halos},
	author       = {Lasersohn, Peter},
	year         = 1999,
	journal      = {Language},
	volume       = 75,
	pages        = {522--551},
	owner        = {David Krassnig}
}
@inproceedings{Lauer2012,
	title        = {On the Pragmatics of Pragmatic Slack},
	author       = {Lauer, Sven},
	year         = 2012,
	booktitle    = {Proceedings of Sinn und Bedeutung 16},
	editor       = {Guevara, Ana Aguilar and Chernilovskaya, Anna and Nouwen, Rick},
	volume       = 2,
	pages        = {389--401},
	owner        = {David Krassnig}
}
@misc{Lee1994,
	title        = {Any as Indefinite + Even},
	author       = {Lee, Young-Suk and Horn, Laurence Robert},
	year         = 1994,
	address      = {New Haven, Connecticut},
	note         = {Manuscript},
	owner        = {David Krassnig},
	howitwaspublished = {Manuscript},
	organization = {Yale University}
}
@incollection{Lee2017,
	title        = {Contrastive Topic, Contrastive Focus, Alternatives, and Scalar Implicatures},
	author       = {Lee, Chungmin},
	year         = 2017,
	booktitle    = {Contrastiveness in Information Structure, Alternatives and Scalar Implicatures},
	editor       = {Lee, Chungmin and Kiefer, Ferenc and Krifka, Manfred},
	publisher    = {Springer International Publishing AG},
	address      = {Cham, Swizerland},
	pages        = {3--21},
	owner        = {David Krassnig}
}
@article{Lewis1912,
	title        = {Implication and the Algebra of Logic},
	author       = {Lewis, Clarence Irving},
	year         = 1912,
	journal      = {Mind, New Series},
	volume       = 21,
	number       = 82,
	pages        = {522--531},
	doi          = {10.1093/mind/XXI.84.522},
	owner        = {David Krassnig}
}
@article{Lewis1914,
	title        = {The Calculus of Strict Implication},
	author       = {Lewis, Clarence Irving},
	year         = 1914,
	journal      = {Mind, New Series},
	volume       = 23,
	number       = 90,
	pages        = {240--247},
	doi          = {10.1093/mind/XXIII.1.240},
	owner        = {David Krassnig}
}
@book{Lewis1918,
	title        = {A Survey of Symbolic Logic},
	author       = {Lewis, Clarence Irving},
	year         = 1918,
	publisher    = {University of California Press},
	owner        = {David Krassnig}
}
@book{Lewis1973,
	title        = {Counterfactuals},
	author       = {Lewis, David Kellog},
	year         = 1973,
	publisher    = {Blackwell},
	address      = {Malden},
	owner        = {David Krassnig}
}
@article{Lewis1979,
	title        = {Scorekeeping in a language game},
	author       = {Lewis, David Kellog},
	year         = 1979,
	journal      = {Journal of Philosophical Logic},
	volume       = 8,
	number       = 1,
	pages        = {339--359},
	owner        = {David Krassnig}
}
@article{Lewis2016,
	title        = {Elusive Counterfactuals},
	author       = {Lewis, Karen},
	year         = 2016,
	journal      = {No{\^u}s},
	volume       = 50,
	number       = 2,
	pages        = {286--313},
	owner        = {David Krassnig}
}
@article{Lewis2018,
	title        = {Counterfactual Discourse in Context},
	author       = {Lewis, Karen},
	year         = 2018,
	journal      = {No{\^u}s},
	volume       = 52,
	number       = 3,
	pages        = {481--507},
	owner        = {David Krassnig}
}
@phdthesis{Linebarger1980,
	title        = {The Grammar of Negative Polarity},
	author       = {Linebarger, Marcia},
	year         = 1980,
	address      = {Cambridge, MA},
	owner        = {David Krassnig},
	school       = {Massachusetts Institute of Technology}
}
@article{Linebarger1987,
	title        = {Negative Polarity and Grammatical Representation},
	author       = {Linebarger, Marcia},
	year         = 1987,
	journal      = {Linguistics and Philosophy},
	volume       = 10,
	pages        = {325--387},
	owner        = {David Krassnig}
}
@mastersthesis{Mascarenhas2009,
	title        = {Inquisitive Semantics and Logic},
	author       = {Mascarenhas, Salvador},
	year         = 2009,
	owner        = {David Krassnig},
	school       = {ILLC University of Amsterdam}
}
@article{Mayr2012,
	title        = {Focusing Bound Pronouns},
	author       = {Mayr, Clemens},
	year         = 2012,
	journal      = {Natural Language Semantics},
	volume       = 20,
	pages        = {299--348},
	owner        = {David Krassnig}
}
@inproceedings{Mayr2013,
	title        = {Downward Monotonicity in Questions},
	author       = {Mayr, Clemens},
	year         = 2013,
	booktitle    = {Proceedings of Sinn und Bedeutung 17},
	editor       = {Chemla, Emmanuel and Homer, Vincent and Winterstein, Grégoire},
	pages        = {345--362},
	url          = {https://ojs.ub.uni-konstanz.de/sub/index.php/sub/article/view/349}
}
@article{Moss2012,
	title        = {On the Pragmatics of Counterfactuals},
	author       = {Moss, Sarah},
	year         = 2012,
	journal      = {No{\^u}s},
	volume       = 46,
	number       = 3,
	pages        = {561--586},
	owner        = {David Krassnig}
}
@phdthesis{Nicolae2013,
	title        = {Any Questions? {P}olarity as a Window into the Structure of Questions},
	author       = {Nicolae, Andreea Cristina},
	year         = 2013,
	address      = {Cambridge, MA},
	owner        = {David Krassnig},
	school       = {Harvard University}
}
@article{Nicolae2015,
	title        = {Questions with {NPI}s},
	author       = {Nicolae, Andreea Cristina},
	year         = 2015,
	journal      = {Natural Language Semantics},
	volume       = 23,
	pages        = {21--76},
	doi          = {10.1007/s11050-014-9110-8},
	owner        = {David Krassnig}
}
@article{Nute1975,
	title        = {Counterfactuals and the Similarity of Words},
	author       = {Nute, Donald},
	year         = 1975,
	journal      = {The Journal of Philosophy},
	volume       = 72,
	number       = 21,
	pages        = {773--778},
	doi          = {10.2307/2025340},
	owner        = {David Krassnig}
}
@book{Palmer1986,
	title        = {Mood and Modality},
	author       = {Palmer, Frank Robert},
	year         = 1986,
	publisher    = {Cambridge University Press},
	address      = {Cambridge, MA},
	owner        = {David Krassnig}
}
@article{Partee1973,
	title        = {Some Structural Analogies between Tenses and Pronouns in {E}nglish},
	author       = {Partee, Barbara},
	year         = 1973,
	journal      = {The Journal of Philosophy},
	volume       = 7,
	pages        = {601--609},
	owner        = {David Krassnig}
}
@article{Peirce1896,
	title        = {The Regenerated Logic},
	author       = {Peirce, Charles Sanders},
	year         = 1896,
	journal      = {The Monist},
	volume       = 7,
	number       = 1,
	pages        = {19--40},
	doi          = {10.5840/monist18967121},
	owner        = {David Krassnig}
}
@incollection{Percus2006,
	title        = {Antipresuppositions},
	author       = {Percus, Orin},
	year         = 2006,
	booktitle    = {Theoretical and Empirical Studies of Reference and Anaphora: Toward the Establishment of Generative Grammar as an Empirical Science},
	editor       = {Ueyama, Ayumi},
	publisher    = {Japan Society for Promotion of Science},
	pages        = {52--73},
	owner        = {David Krassnig}
}
@incollection{Ramsey1929,
	title        = {General Propositions and Causality},
	author       = {Ramsey, Frank Plumpton},
	year         = 1929,
	booktitle    = {Philosophical Papers},
	editor       = {Mellor, David Hugh},
	publisher    = {Cambridge University Press},
	pages        = {145--163},
	owner        = {David Krassnig},
	place        = {Cambridge, MA}
}
@article{Reimer1998,
	title        = {Quantification and Context},
	author       = {Reimer, Marga},
	year         = 1998,
	journal      = {Linguistics and Philosophy},
	volume       = 21,
	pages        = {96--115},
	owner        = {David Krassnig}
}
@article{Reinhart1981,
	title        = {Pragmatics and Linguistics: An Analysis of Sentence Topics},
	author       = {Reinhart, Tanya},
	year         = 1981,
	journal      = {Philosophica},
	volume       = 27,
	pages        = {53--94}
}
@misc{Richter1993,
	title        = {Settling the Truth: {V}erum Focus in German},
	author       = {Richter, Frank},
	year         = 1994,
	address      = {Amherst, Massachusetts},
	note         = {Manuscript. University of Massachusetts. Amherst, Massachusetts},
	owner        = {David Krassnig},
	howitwaspublished = {Manuscript},
	organization = {University of Massachusetts}
}
@phdthesis{Roberts1987,
	title        = {Modal subordination, anaphora, and distributivity},
	author       = {Roberts, Craige},
	year         = 1987,
	address      = {Amherst, Massachusetts},
	owner        = {David Krassnig},
	school       = {University of Massachusetts}
}
@article{Roberts1989,
	title        = {Modal Subordination and Pronominal Anaphora in Discourse},
	author       = {Roberts, Craige},
	year         = 1989,
	journal      = {Linguistics and Philosophy},
	publisher    = {Springer},
	volume       = 12,
	number       = 6,
	pages        = {683--721},
	%issn         = {01650157, 15730549},
	owner        = {David Krassnig},
	%url         = {http://www.jstor.org/stable/25001367},
	eprinttype   = {jstor},
	eprint       = 25001367
}
@incollection{Roberts1996,
	title        = {Information Structure in Discourse: Towards an Integrated Formal Theory of Pragmatics},
	author       = {Roberts, Craige},
	year         = 1996,
	booktitle    = {Papers in Semantics},
	editor       = {Yoon, Jae-Hak and Kathol, Andreas},
	publisher    = {Ohio State University, Department of Linguistics},
	series       = {OSU Working Papers in Linguistics},
	volume       = 49,
	pages        = {91--136},
	owner        = {David Krassnig}
}
@unpublished{Roelofsen2018,
	title        = {Negative Polarity Items in Questions},
	author       = {Roelofsen, Floris},
	year         = 2018,
	url          = {https://semanticsarchive.net/Archive/WY0MzU0N/handout.pdf},
	note         = {\textit{Linguistics Colloquium}. Colloquium held at New York University November 2, 2018},
	owner        = {David krassnig}
}
@article{Romero2004,
	title        = {On Negative Yes/No Questions},
	author       = {Romero, Maribel and Han, Chung-Hye},
	year         = 2004,
	journal      = {Linguistics and Philosophy},
	volume       = 27,
	number       = 5,
	pages        = {609--658},
	doi          = {10.1023/b:ling.0000033850.15705.94},
	owner        = {David Krassnig}
}
@incollection{Romero2014,
	title        = {`{F}ake Tense' in Counterfactuals: A Temporal Remoteness Approach},
	author       = {Romero, Maribel},
	year         = 2014,
	booktitle    = {The Art and Craft of Semantics: A Festschrift for Irene Heim},
	editor       = {Crni\v{c}, Luka and Sauerland, Uli},
	publisher    = {Mitwpl 71},
	volume       = 2,
	pages        = {47--63},
	owner        = {David Krassnig}
}
@inproceedings{Romero2015,
	title        = {High Negation in Subjunctive Conditionals and Polar Questions},
	author       = {Romero, Maribel},
	year         = 2015,
	booktitle    = {Proceedings of Sinn und Bedeutung 19},
	pages        = {519--536},
	owner        = {David Krassnig}
}
@inproceedings{Romero2017,
	title        = {Tense and Mood in Counterfactual Conditionals: The View from {S}panish},
	author       = {Romero, Maribel},
	year         = 2017,
	booktitle    = {Proceedings of the 21\textsuperscript{st} Amsterdam Colloquium},
	editor       = {Cremers, Alexandre and van Gessel, Thom and Roelofsen, Floris},
	pages        = {375--384},
	owner        = {David Krassnig}
}
@phdthesis{Root1986,
	title        = {The Semantics of Anaphora in Discourse},
	author       = {Root, Rebecca Louise},
	year         = 1986,
	school       = {University of Texas at Austin}
}
@inproceedings{Rooth1982,
	title        = {Conjunction, Type Ambiguity and Wide Scope `Or'},
	author       = {Rooth, Mats and Partee, Barbara},
	year         = 1982,
	booktitle    = {Proceedings of the 1\textsuperscript{st} West Coast Conference on Formal Linguistics},
	editor       = {Flickinger, Daniel P. and Macken, Marlys and Wiegand, Nancy},
	publisher    = {Stanford University},
	pages        = {353--362},
	owner        = {David Krassnig}
}
@phdthesis{Rooth1985,
	title        = {Association with Focus},
	author       = {Rooth, Mats},
	year         = 1985,
	address      = {Amherst, Massachusetts},
	owner        = {David Krassnig},
	school       = {University of Massachusetts}
}
@article{Rooth1992,
	title        = {A Theory of Focus Interpretation},
	author       = {Rooth, Mats},
	year         = 1992,
	journal      = {Natural Language Semantics},
	volume       = 1,
	number       = 1,
	pages        = {75--116}
}
@incollection{Rooth1996,
	title        = {Focus},
	author       = {Rooth, Mats},
	year         = 1996,
	booktitle    = {The Handbook of Contemporary Semantic Theory},
	editor       = {Lappin, Shalom},
	publisher    = {Blackwell},
	pages        = {271--297},
	owner        = {David Krassnig},
	place        = {Hoboken}
}
@phdthesis{Sauerland1998,
	title        = {The Meaning of Chains},
	author       = {Sauerland, Uli},
	year         = 1998,
	address      = {Cambridge, MA},
	owner        = {David Krassnig},
	school       = {Massachusetts Institute of Technology}
}
@inproceedings{Sauerland1999,
	title        = {Why Variables?},
	author       = {Sauerland, Uli},
	year         = 1999,
	booktitle    = {Proceedings of {NELS} 29},
	editor       = {Tamanji, Pius and Hirotani, Masako and Hall, Nacy},
	publisher    = {Glsa},
	address      = {Amherst, Massachusetts},
	pages        = {323--337},
	owner        = {David Krassnig}
}
@inproceedings{Sauerland2000,
	title        = {The Content of Pronouns: Evidence from Focus},
	author       = {Sauerland, Uli},
	year         = 2000,
	booktitle    = {Proceedings of {SALT} X},
	editor       = {Jackson, Brendan and Matthews, Tanya},
	publisher    = {Cornell University},
	address      = {Ithaca, New York},
	pages        = {167--184},
	owner        = {David Krassnig}
}
@misc{Sauerland2006,
	title        = {Implicated Presuppositions},
	author       = {Sauerland, Uli},
	year         = 2006,
	address      = {Berlin},
	note         = {Manuscript. ZAS, Berlin},
	owner        = {David Krassnig},
	howitwaspublished = {Manuscript},
	organization = {Zas}
}
@incollection{Sauerland2008,
	title        = {The Silent Content of Bound Variable Pronouns},
	author       = {Sauerland, Uli},
	year         = 2008,
	booktitle    = {Topics in Ellipsis},
	editor       = {Johnson, Kyle},
	publisher    = {Cambridge University Press},
	pages        = {183--209},
	doi          = {10.1017/cbo9780511487033.008},
	owner        = {David Krassnig},
	place        = {Cambridge, MA}
}
@article{Schlenker2004,
    title        = {Conditionals as Definite Descriptions},
    author       = {Schlenker, Philippe},
    year         = {2004},
    journal      = {Research on Language and Computation},
    volume       = {2},
    pages        = {417--462},
    doi          = {10.1007/s11168-004-0908-2},
    owner        = {David Krassnig}
}
@inproceedings{Schlenker2005,
	title        = {The Lazy Frenchman's Approach to the Subjunctive},
	author       = {Schlenker, Philippe},
	year         = 2005,
	booktitle    = {Proceedings of Going Romance {XVII}},
	doi          = {10.1075/cilt.270.15sch}
}
@incollection{Schubert1987,
	title        = {Problems in the Representation of the Logical Form of Generics, Plurals, and Mass Nouns},
	author       = {Schubert, Lenhart K. and Pelletier, Francis Jeffry},
	year         = 1987,
	booktitle    = {New directions in semantics},
	editor       = {Lepore, Ernest},
	publisher    = {Academic Press London},
	pages        = {385--451}
}
@article{Schulz2011,
	title        = {If You Wiggle {A}, Then {B} Will Change: Causality and Counterfactual Conditionals},
	author       = {Schulz, Katrin},
	year         = 2011,
	journal      = {Synthese},
	volume       = 179,
	pages        = {239--251},
	owner        = {David Krassnig}
}
@article{Schulz2014,
	title        = {Fake Tense in Conditional Sentences: A Modal Approach},
	author       = {Schulz, Katrin},
	year         = 2014,
	journal      = {Natural Language Semantics},
	volume       = 22,
	pages        = {117--144},
	owner        = {David Krassnig}
}
@unpublished{Schwarz2000,
	title        = {Notes on \textit{Even}},
	author       = {Schwarz, Bernhard},
	year         = 2000,
	note         = {Manuscript},
	owner        = {David Krassnig},
	organization = {University of Stuttgart}
}
@article{Singh2008,
	title        = {On the Interpretation of Disjunction: Asymmetric, Incremental, and Eager for Inconsistency},
	author       = {Singh, Raj},
	year         = 2008,
	journal      = {Linguistics and Philosophy},
	publisher    = {Springer},
	volume       = 31,
	number       = 2,
	pages        = {245--260}
}
@article{Singh2011,
	title        = {Maximize Presupposition! and Local Contexts},
	author       = {Singh, Raj},
	year         = 2011,
	journal      = {Journal of Semantics},
	volume       = 19,
	pages        = {149--168}
}
@article{Sobel1970,
	title        = {Utilitarianisms: {S}imple and General},
	author       = {Sobel, Jordan Howard},
	year         = 1970,
	journal      = {Inquiry},
	volume       = 13,
	pages        = {394--449},
	owner        = {David Krassnig}
}
@misc{Spector2013,
	title        = {Global Positive Polarity Items and Obligatory Exhaustivity},
	author       = {Spector, Benjamin},
	year         = 2013,
	note         = {Manuscript. CNRS},
	owner        = {David Krassnig},
	howitwaspublished = {Manuscript},
	organization = {Cnrs}
}
@article{Spohn2013,
	title        = {A Ranking-Theoretic Approach to Conditionals},
	author       = {Spohn, Wolfgang},
	year         = 2013,
	journal      = {Cognitive Science},
	volume       = 37,
	number       = 6,
	pages        = {1074--1106},
	doi          = {10.1111/cogs.12057},
	owner        = {David Krassnig}
}
@book{Sprigge1970,
	title        = {Facts, Worlds and Beliefs},
	author       = {Sprigge, Timothy Lauro Squire},
	year         = 1970,
	publisher    = {Routledge and Kegan Paul},
	address      = {London},
	owner        = {David Krassnig}
}
@incollection{Stalnaker1968,
	title        = {A Theory of Conditionals},
	author       = {Stalnaker, Robert Culp},
	year         = 1968,
	booktitle    = {Studies in Logical Theory},
	editor       = {Rescher, Nicholas},
	publisher    = {Basil Blackwell Publishers},
	address      = {Oxford},
	pages        = {98--112},
	owner        = {David Krassnig}
}
@article{Stalnaker1970,
	title        = {A Semantic Analysis of Conditional Logic},
	author       = {Stalnaker, Robert Culp and Thomason, Richmond H.},
	year         = 1970,
	journal      = {Theoria},
	volume       = 36,
	number       = 1,
	pages        = {23--42},
	doi          = {10.1111/j.1755-2567.1970.tb00408.x},
	owner        = {David Krassnig}
}
@article{Stalnaker1970-probability,
	title        = {Probability and Conditionals},
	author       = {Stalnaker, Robert Culp},
	year         = 1970,
	journal      = {Philosophy of Science},
	volume       = 37,
	number       = 1,
	pages        = {64--80},
	owner        = {David Krassnig}
}
@article{Stalnaker1975,
	title        = {Indicative Conditionals},
	author       = {Stalnaker, Robert Culp},
	year         = 1975,
	journal      = {Philosophia},
	volume       = 5,
	number       = 3,
	pages        = {269--286},
	owner        = {David Krassnig}
}
@incollection{Stalnaker1978,
	title        = {Assertion},
	author       = {Stalnaker, Robert Culp},
	year         = 1978,
	booktitle    = {Pragmatics},
	editor       = {Cole, P.},
	publisher    = {Academic Press},
	address      = {New York},
	series       = {Syntax and Semantics},
	volume       = 9,
	pages        = {315--322},
	owner        = {David Krassnig}
}
@article{Stanley2000,
	title        = {On Quantifier Domain Restriction},
	author       = {Stanley, Jason and Gendler Szabó, Zoltán},
	year         = 2000,
	journal      = {Mind~\&~Language},
	volume       = 15,
	number       = {2‐3},
	pages        = {219--261},
	doi          = {10.1111/1468-0017.00130},
	owner        = {David Krassnig}
}
@article{Todd1964,
	title        = {Counterfactual Conditionals and the Presuppositions of Induction},
	author       = {Todd, William},
	year         = 1964,
	journal      = {Philosophy of Science},
	volume       = 31,
	number       = 2,
	pages        = {101--110},
	doi          = {10.1086/287987},
	owner        = {David Krassnig}
}
@book{Unger1975,
	title        = {Ignorance: {A} Case for Scepticism},
	author       = {Unger, Peter K.},
	year         = 1975,
	publisher    = {Oxford University Press},
	owner        = {David Krassnig}
}
@article{vanRooij2003,
	title        = {Negative Polarity Items in Questions: {S}trength as Relevance},
	author       = {{\SortNoop{Rooij}}van Rooij, Robert},
	year         = 2003,
	journal      = {Journal of Semantics},
	volume       = 20,
	number       = 3,
	pages        = {239--274},
	doi          = {10.1093/jos/20.3.239},
	owner        = {David Krassnig}
}
@article{vanRooij2006,
	title        = {Free Choice Counterfactual Donkeys},
	author       = {{\SortNoop{Rooij}}van Rooij, Robert},
	year         = 2006,
	journal      = {Journal of Semantics},
	publisher    = {Oxford University Press},
	volume       = 23,
	number       = 4,
	pages        = {383--402},
	doi          = {10.1093/jos/ffl004},
	owner        = {David Krassnig}
}
@incollection{vanRooij2017,
	title        = {Topic, Focus, and Exhaustive Interpretation},
	author       = {{\SortNoop{Rooij}}van Rooij, Robert and Schulz, Katrin},
	year         = 2017,
	booktitle    = {Contrastiveness in Information Structure, Alternatives and Scalar Implicatures},
	editor       = {Lee, Chungmin and Kiefer, Ferenc and Krifka, Manfred},
	publisher    = {Springer International Publishing AG},
	address      = {Cham, Swizerland},
	pages        = {63--82},
	doi          = {10.1007/978-3-319-10106-4_4},
	owner        = {David Krassnig}
}
@article{vanRooij2022,
	title        = {Causal Relevance of Conditionals: Semantics or Pragmatics?},
	author       = {{\SortNoop{Rooij}}van Rooij, Robert and Schulz, Katrin},
	year         = 2022,
	journal      = {Linguistics Vanguard},
	volume       = 8,
	number       = 4,
	pages        = {363--370},
	doi          = {10.1515/lingvan-2021-0030},
	owner        = {David Krassnig},
	lastchecked  = {2022-09-07}
}
@inproceedings{Walker2015,
	title        = {Counterfactual Donkey Sentences: A Strict Conditional Analysis},
	author       = {Walker, Andreas and Romero, Maribel},
	year         = 2015,
	booktitle    = {Semantics and Linguistic Theory},
	volume       = 25,
	pages        = {288--307}
}
@article{Warmbrod1981,
	title        = {Counterfactuals and Substitution of Equivalent Antecedents},
	author       = {Warmbr\={o}d, Ken},
	year         = 1981,
	journal      = {Journal of Philosophical Logic},
	volume       = 10,
	pages        = {267--289},
	owner        = {David Krassnig}
}
@book{Whitehead1910,
	title        = {Principia Mathematica},
	author       = {Whitehead, Alfred North and Russell, Bertrand},
	year         = 1910,
	publisher    = {Cambridge University Press},
	volume       = 1
}
@article{Wilder2013,
	title        = {{E}nglish `Emphatic Do'},
	author       = {Wilder, Chris},
	year         = 2013,
	journal      = {Lingua},
	volume       = 128,
	pages        = {142--171},
	owner        = {David Krassnig}
}
@article{Wilkinson1996,
	title        = {The Scope of Even},
	author       = {Wilkinson, Karina},
	year         = 1996,
	journal      = {Natural Language Semantics},
	volume       = 4,
	number       = 3,
	pages        = {193--215},
	owner        = {David Krassnig}
}
@inproceedings{Willer2013,
	title        = {Indicative Scorekeeping},
	author       = {Willer, Malte},
	year         = 2013,
	booktitle    = {Proceedings of the 19\textsuperscript{th} Amsterdam Colloquium},
	editor       = {Aloni, Maria and Franke, Michael and Roelofsen, Floris},
	publisher    = {ILLC, University of Amsterdam},
	address      = {Amsterdam},
	pages        = {249--256},
	owner        = {David Krassnig}
}
@article{Willer2017,
	title        = {Lessons from Sobel sequences},
	author       = {Willer, Malte},
	year         = 2017,
	journal      = {Semantics~\&~Pragmatics},
	volume       = 10,
	number       = 4,
	pages        = {1--57},
	owner        = {David Krassnig}
}
@article{Williams2008,
	title        = {Conversation and Conditionals},
	author       = {Williams, John Robert Gareth},
	year         = 2008,
	journal      = {Philosophical Studies},
	volume       = 138,
	number       = 2,
	pages        = {211--223},
	doi          = {10.1007/s11098-006-9032-5},
	owner        = {David Krassnig}
}
@book{Wouden1997,
	title        = {Negative Contexts: Collocation, Polarity and Multiple Negation},
	author       = {{\SortNoop{Wouden}}van der Wouden, Ton},
	year         = 1997,
	publisher    = {Routledge},
	address      = {London and New York},
	isbn         = {978-1-138-86828-1},
	owner        = {David Krassnig}
}
@incollection{Yabushita2017,
	title        = {Partition Semantics and Pragmatics of Contrastive Topic},
	author       = {Yabushita, Katsuhiko},
	year         = 2017,
	booktitle    = {Contrastiveness in Information Structure, Alternatives and Scalar Implicatures},
	editor       = {Lee, Chungmin and Kiefer, Ferenc and Krifka, Manfred},
	publisher    = {Springer International Publishing AG},
	address      = {Cham, Swizerland},
	pages        = {23--45},
	doi          = {10.1007/978-3-319-10106-4_2 },
	owner        = {David Krassnig}
}
@unpublished{Zwarts1993,
	title        = {The Syntax and Semantics of Negative Polarity},
	author       = {Zwarts, Frans},
	year         = 1993,
	address      = {University of Göttingen},
	note         = {Manuscript},
	owner        = {David Krassnig}
}
@article{Zwarts1995,
	title        = {Nonveridical Contexts},
	author       = {Zwarts, Frans},
	year         = 1995,
	journal      = {Linguistic Analysis},
	volume       = 25,
	pages        = {286--312},
	%issn         = {0098-9053},
	owner        = {David Krassnig}
}
@incollection{Zwarts1998,
	title        = {Three Types of Polarity},
	author       = {Zwarts, Frans},
	year         = 1998,
	booktitle    = {Plurality and Quantification},
	editor       = {Hamm, Fritz and Hinrichs, Erhard},
	publisher    = {Springer},
	pages        = {177--238},
	doi          = {10.1007/978-94-017-2706-8_5 },
	owner        = {David Krassnig}
}
